%%%%%%%%%%%%%%%%%%%%%%%%%%%%%%%%%%%%%%%%%%%%%%%%%%%%%%
% My papers and conferences
% add keywords like
%   keywords= {own, wos, scopus},
%
% More on keywords:
%    own - your paper
%    wos - is in Web if Science
%    scopus - is in Scopus
%    vak - is in VAK
%    other - from other sources
%    conf - it is a conference
%%%%%%%%%%%%%%%%%%%%%%%%%%%%%%%%%%%%%%%%%%%%%%%%%%%%%%
@article{Kostina2019Mar,
        keywords = {own, wos},
	author = {Kostina, Natalia and Petrov, Mihail and Ivinskaya, Aliaksandra and Sukhov, Sergey and Bogdanov, Andrey and Toftul, Ivan and Nieto-Vesperinas, Manuel and Ginzburg, Pavel and Shalin, Alexander},
	title = {{Optical binding via surface plasmon polariton interference}},
	journal = {Phys. Rev. B},
	volume = {99},
	number = {12},
	pages = {125416},
	year = {2019},
	month = {Mar},
	issn = {2469-9969},
	publisher = {American Physical Society},
	url = {https://doi.org/10.1103/PhysRevB.99.125416},
	doi = {10.1103/PhysRevB.99.125416},
        
}
@article{Toftul2019Oct,
        keywords = {own, scopus},
	author = {Toftul, I. D. and Bliokh, K. Y. and Petrov, M. I. and Nori, F.},
	title = {{Acoustic Radiation Force and Torque on Small Particles as Measures of the Canonical Momentum and Spin Densities}},
	journal = {Phys. Rev. Lett.},
	volume = {123},
	number = {18},
	pages = {183901},
	year = {2019},
	month = {Oct},
	issn = {1079-7114},
	publisher = {American Physical Society},
	url = {https://doi.org/10.1103/PhysRevLett.123.183901},
	doi = {10.1103/PhysRevLett.123.183901},
}