% use BibItNow to create bib entries

%%%%%%%%%%%%%%%%%%%%%%%%%%%%%%%%%%%%%%%%%%%%%%%%%%%%%%
% All other sources
%%%%%%%%%%%%%%%%%%%%%%%%%%%%%%%%%%%%%%%%%%%%%%%%%%%%%%
@article{Zeng2022Aug,
	author = {Zeng, Xiangkai and Rosenmann, Daniel and Czaplewski, David A. and Gao, Jie and Yang, Xiaodong},
	title = {{Mid-infrared chiral metasurface absorbers with split-ellipse structures}},
	journal = {Opt. Commun.},
	pages = {128854},
	year = {2022},
	month = {Aug},
	issn = {0030-4018},
	publisher = {North-Holland},
	url = {https://doi.org/10.1016/j.optcom.2022.128854},
	doi = {10.1016/j.optcom.2022.128854}
}
@article{Grez2022Jul,
	author = {Grez, B. and Ramos-Andrade, J. P. and Juri{\ifmmode\check{c}\else\v{c}\fi}i{\ifmmode\acute{c}\else\'{c}\fi}, V. and Orellana, P. A.},
	title = {{Bound states in the continuum in a two-channel Fano-Anderson model}},
	journal = {Phys. Rev. A},
	volume = {106},
	number = {1},
	pages = {013719},
	year = {2022},
	month = {Jul},
	issn = {2469-9934},
	publisher = {American Physical Society},
	url = {https://doi.org/10.1103/PhysRevA.106.013719},
	doi = {10.1103/PhysRevA.106.013719}
}
@article{Kang2022Aug,
	author = {Kang, Ming and Zhang, Ziying and Wu, Tong and Zhang, Xueqian and Xu, Quan and Krasnok, Alex and Han, Jiaguang and Al{\ifmmode\grave{u}\else\`{u}\fi}, Andrea},
	title = {{Coherent full polarization control based on bound states in the continuum}},
	journal = {Nat. Commun.},
	volume = {13},
	number = {4536},
	pages = {1--9},
	year = {2022},
	month = {Aug},
	issn = {2041-1723},
	publisher = {Nature Publishing Group},
	url = {https://doi.org/10.1038/s41467-022-31726-1},
	doi = {10.1038/s41467-022-31726-1}
}
@article{Kostina2019Mar,
	author = {Kostina, Natalia and Petrov, Mihail and Ivinskaya, Aliaksandra and Sukhov, Sergey and Bogdanov, Andrey and Toftul, Ivan and Nieto-Vesperinas, Manuel and Ginzburg, Pavel and Shalin, Alexander},
	title = {{Optical binding via surface plasmon polariton interference}},
	journal = {Phys. Rev. B},
	volume = {99},
	number = {12},
	pages = {125416},
	year = {2019},
	month = {Mar},
	issn = {2469-9969},
	publisher = {American Physical Society},
	url = {https://doi.org/10.1103/PhysRevB.99.125416},
	doi = {10.1103/PhysRevB.99.125416},
        
}
@article{Toftul2019Oct,
	author = {Toftul, I. D. and Bliokh, K. Y. and Petrov, M. I. and Nori, F.},
	title = {{Acoustic Radiation Force and Torque on Small Particles as Measures of the Canonical Momentum and Spin Densities}},
	journal = {Phys. Rev. Lett.},
	volume = {123},
	number = {18},
	pages = {183901},
	year = {2019},
	month = {Oct},
	issn = {1079-7114},
	publisher = {American Physical Society},
	url = {https://doi.org/10.1103/PhysRevLett.123.183901},
	doi = {10.1103/PhysRevLett.123.183901},
}